

@INPROCEEDINGS{severeCompression, 
author={Rathgeb, C. and Uhl, A. and Wild, P.}, 
booktitle={IJCB 2014}, 
title={Effects of Severe Image Compression on Iris Segmentation Performance}, 
year={2014}, 
month={September}, 
keywords={image representation;image texture;iris recognition;ethnicity;gender;image representation;iris texture images;soft biometric attributes;Aging;Estimation;Face;Feature extraction;Iris;Iris recognition;Testing}, 
doi={10.1109/ICB.2013.6613010},}